@proceedings{do178c,
	title = {Software Considerations in Airborne Systems and Equipment Certification},
	year = {2011},
	month = {12},
	organization = {RTCA, Inc.},
	address = {1150 18th Street, NW, Suite 910, Washington, DC, USA}
}

@article{intro_mcdc,
	author="Kandl, Susanne
	and Chandrashekar, Sandeep",
	title="Reasonability of MC/DC for safety-relevant software implemented in programming languages with short-circuit evaluation",
	journal="Computing",
	year="2015",
	month="Mar",
	day="01",
	volume="97",
	number="3",
	pages="261--279",
	issn="1436-5057",
	doi="10.1007/s00607-014-0418-5",
	url="https://doi.org/10.1007/s00607-014-0418-5"
}

@book{testing_wb_bb_gb,
	author="Kassem A. Saleh",
	publisher="J. Ross Publishing",
	title="Software Engineering",
	year="2009",
	month="Aug",
	day="27"
}

@article{sat,
	author = {Vardi, Moshe Y.},
	title = {Boolean Satisfiability: Theory and Engineering},
	journal = {Commun. ACM},
	issue_date = {March 2014},
	volume = {57},
	number = {3},
	month = mar,
	year = {2014},
	issn = {0001-0782},
	pages = {5--5},
	numpages = {1},
	url = {http://doi.acm.org/10.1145/2578043},
	doi = {10.1145/2578043},
	acmid = {2578043},
	publisher = {ACM},
	address = {New York, NY, USA},
}

@article{smt,
	author = {De Moura, Leonardo and Bj{\o}rner, Nikolaj},
	title = {Satisfiability Modulo Theories: Introduction and Applications},
	journal = {Commun. ACM},
	issue_date = {September 2011},
	volume = {54},
	number = {9},
	month = sep,
	year = {2011},
	issn = {0001-0782},
	pages = {69--77},
	numpages = {9},
	url = {http://doi.acm.org/10.1145/1995376.1995394},
	doi = {10.1145/1995376.1995394},
	acmid = {1995394},
	publisher = {ACM},
	address = {New York, NY, USA},
}

@inproceedings{af3,
	author = {Schätz, Bernhard and Aravantinos, Vincent and Voss, Sebastian and Mavin, Sabine and Hözl, Florian},
	year = {2015},
	month = {09},
	pages = {},
	title = {AutoFOCUS 3: Tooling Concepts for Seamless, Model-based Development of Embedded Systems}
}

@inproceedings{z3,
	author = {De Moura, Leonardo and Bj{\o}rner, Nikolaj},
	title = {Z3: An Efficient SMT Solver},
	booktitle = {Proceedings of the Theory and Practice of Software, 14th International Conference on Tools and Algorithms for the Construction and Analysis of Systems},
	series = {TACAS'08/ETAPS'08},
	year = {2008},
	isbn = {3-540-78799-2, 978-3-540-78799-0},
	location = {Budapest, Hungary},
	pages = {337--340},
	numpages = {4},
	url = {http://dl.acm.org/citation.cfm?id=1792734.1792766},
	acmid = {1792766},
	publisher = {Springer-Verlag},
	address = {Berlin, Heidelberg},
}

@phdthesis{sat_and_smt,
	TITLE = {{Satisfiability Modulo Theories: state-of-the-art, contributions, project}},
	AUTHOR = {Fontaine, Pascal},
	URL = {https://tel.archives-ouvertes.fr/tel-01968404},
	SCHOOL = {{Universit{\'e} de lorraine}},
	YEAR = {2018},
	MONTH = Oct,
	KEYWORDS = {Logic ; automated reasoning ; v{\'e}rification ; Logique ; raisonnement automatique},
	TYPE = {Habilitation {\`a} diriger des recherches},
	PDF = {https://tel.archives-ouvertes.fr/tel-01968404/file/HDR-standalone.pdf},
	HAL_ID = {tel-01968404},
	HAL_VERSION = {v1},
}
